%% This BibTeX bibliography file was created using BibDesk.
%% http://bibdesk.sourceforge.net/


%% Created for Scott Sievert at 2013-08-20 10:07:12 -0500 


%% Saved with string encoding Unicode (UTF-8) 



@article{porwik2004haar,
	Author = {Porwik, Piotr and Lisowska, Agnieszka},
	Date-Added = {2013-08-19 22:29:51 +0000},
	Date-Modified = {2013-08-19 22:29:51 +0000},
	Journal = {Machine graphics and vision},
	Number = {1/2},
	Pages = {79--98},
	Publisher = {Institute of Computer Science},
	Title = {The Haar-wavelet transform in digital image processing: its status and achievements},
	Volume = {13},
	Year = {2004},
	Bdsk-File-1 = {YnBsaXN0MDDUAQIDBAUGJCVYJHZlcnNpb25YJG9iamVjdHNZJGFyY2hpdmVyVCR0b3ASAAGGoKgHCBMUFRYaIVUkbnVsbNMJCgsMDxJXTlMua2V5c1pOUy5vYmplY3RzViRjbGFzc6INDoACgAOiEBGABIAFgAdccmVsYXRpdmVQYXRoWWFsaWFzRGF0YV8QOC4uLy4uLy4uL0NsYXNzZXMvcmVzZWFyY2gvUGFwZXJzL3Bvcndpay1oYWFyLXdhdmVsZXQucGRm0hcLGBlXTlMuZGF0YU8RAcQAAAAAAcQAAgAADE1hY2ludG9zaCBIRAAAAAAAAAAAAAAAAAAAAMwwzKJIKwAAAPiT9hdwb3J3aWstaGFhci13YXZlbGV0LnBkZgAAAAAAAAAAAAAAAAAAAAAAAAAAAAAAAAAAAAAAAAAAAAAAAAAAAAABZssbzjgFXAAAAAAAAAAAAAMABAAACSAAAAAAAAAAAAAAAAAAAAAGUGFwZXJzABAACAAAzDES8gAAABEACAAAzjhLrAAAAAEAFAD4k/YAHT9NAB09hgAFwd0AAg35AAIATU1hY2ludG9zaCBIRDpVc2VyczoAc2NvdHQ6AENsYXNzZXM6AHJlc2VhcmNoOgBQYXBlcnM6AHBvcndpay1oYWFyLXdhdmVsZXQucGRmAAAOADAAFwBwAG8AcgB3AGkAawAtAGgAYQBhAHIALQB3AGEAdgBlAGwAZQB0AC4AcABkAGYADwAaAAwATQBhAGMAaQBuAHQAbwBzAGgAIABIAEQAEgA7VXNlcnMvc2NvdHQvQ2xhc3Nlcy9yZXNlYXJjaC9QYXBlcnMvcG9yd2lrLWhhYXItd2F2ZWxldC5wZGYAABMAAS8AABUAAgAM//8AAIAG0hscHR5aJGNsYXNzbmFtZVgkY2xhc3Nlc11OU011dGFibGVEYXRhox0fIFZOU0RhdGFYTlNPYmplY3TSGxwiI1xOU0RpY3Rpb25hcnmiIiBfEA9OU0tleWVkQXJjaGl2ZXLRJidUcm9vdIABAAgAEQAaACMALQAyADcAQABGAE0AVQBgAGcAagBsAG4AcQBzAHUAdwCEAI4AyQDOANYCngKgAqUCsAK5AscCywLSAtsC4ALtAvADAgMFAwoAAAAAAAACAQAAAAAAAAAoAAAAAAAAAAAAAAAAAAADDA==}}

@inproceedings{6190216,
	Author = {Soni, A. and Haupt, J.},
	Booktitle = {Signals, Systems and Computers (ASILOMAR), 2011 Conference Record of the Forty Fifth Asilomar Conference on},
	Date-Added = {2013-08-19 20:41:58 +0000},
	Date-Modified = {2013-08-19 20:41:58 +0000},
	Doi = {10.1109/ACSSC.2011.6190216},
	Issn = {1058-6393},
	Keywords = {compressed sensing;signal representation;trees (mathematics);adaptive compressive acquisition;adaptive compressive sensing;compressed sensing;nonadaptive linear projection;nonzero signal coefficients;sparse hierarchical dictionary learning;sparse hierarchical learned dictionaries;sparse representation;sparse signals;structured sparsity;tree-based coefficient;Compressed sensing;Dictionaries;Image reconstruction;Noise measurement;Sensors;Signal to noise ratio;Vectors},
	Pages = {1250-1254},
	Title = {Efficient adaptive compressive sensing using sparse hierarchical learned dictionaries},
	Year = {2011},
	Bdsk-Url-1 = {http://dx.doi.org/10.1109/ACSSC.2011.6190216},
	Bdsk-File-1 = {YnBsaXN0MDDUAQIDBAUGJCVYJHZlcnNpb25YJG9iamVjdHNZJGFyY2hpdmVyVCR0b3ASAAGGoKgHCBMUFRYaIVUkbnVsbNMJCgsMDxJXTlMua2V5c1pOUy5vYmplY3RzViRjbGFzc6INDoACgAOiEBGABIAFgAdccmVsYXRpdmVQYXRoWWFsaWFzRGF0YV8QLi4uLy4uLy4uL0NsYXNzZXMvcmVzZWFyY2gvUGFwZXJzL3NvbmlfdHJlZS5wZGbSFwsYGVdOUy5kYXRhTxEBnAAAAAABnAACAAAMTWFjaW50b3NoIEhEAAAAAAAAAAAAAAAAAAAAzDDMokgrAAAA+JP2DXNvbmlfdHJlZS5wZGYAAAAAAAAAAAAAAAAAAAAAAAAAAAAAAAAAAAAAAAAAAAAAAAAAAAAAAAAAAAAAAAAAAAFmw8bON+1aAAAAAAAAAAAAAwAEAAAJIAAAAAAAAAAAAAAAAAAAAAZQYXBlcnMAEAAIAADMMRLyAAAAEQAIAADOODOqAAAAAQAUAPiT9gAdP00AHT2GAAXB3QACDfkAAgBDTWFjaW50b3NoIEhEOlVzZXJzOgBzY290dDoAQ2xhc3NlczoAcmVzZWFyY2g6AFBhcGVyczoAc29uaV90cmVlLnBkZgAADgAcAA0AcwBvAG4AaQBfAHQAcgBlAGUALgBwAGQAZgAPABoADABNAGEAYwBpAG4AdABvAHMAaAAgAEgARAASADFVc2Vycy9zY290dC9DbGFzc2VzL3Jlc2VhcmNoL1BhcGVycy9zb25pX3RyZWUucGRmAAATAAEvAAAVAAIADP//AACABtIbHB0eWiRjbGFzc25hbWVYJGNsYXNzZXNdTlNNdXRhYmxlRGF0YaMdHyBWTlNEYXRhWE5TT2JqZWN00hscIiNcTlNEaWN0aW9uYXJ5oiIgXxAPTlNLZXllZEFyY2hpdmVy0SYnVHJvb3SAAQAIABEAGgAjAC0AMgA3AEAARgBNAFUAYABnAGoAbABuAHEAcwB1AHcAhACOAL8AxADMAmwCbgJzAn4ChwKVApkCoAKpAq4CuwK+AtAC0wLYAAAAAAAAAgEAAAAAAAAAKAAAAAAAAAAAAAAAAAAAAto=}}

@article{reconstruct-noisy-random-signals,
	Abstract = {:We consider the reconstruction of signals from nonuniformly spaced samples using a projection onto convex sets (POCSs) implemented with the evolutionary time-frequency transform. Signals of practical interest have finite time support and are nearly band-limited, and as such can be better represented by Slepian functions than by sinc functions. The evolutionary spectral theory provides a time-frequency representation of nonstationary signals, and for deterministic signals the kernel of the evolutionary representation can be derived from a Slepian projection of the signal. The representation of low pass and band pass signals is thus efficiently done by means of the Slepian functions. Assuming the given nonuniformly spaced samples are from a signal satisfying the finite time support and the essential band-limitedness conditions with a known center frequency, imposing time and frequency limitations in the evolutionary transformation permit us to reconstruct the signal iteratively. Restricting the signal to a known finite time and frequency support, a closed convex set, the projection generated by the time-frequency transformation converges into a close approximation to the original signal. Simulation results illustrate the evolutionary Slepian-based transform in the representation and reconstruction of signals from irregularly-spaced and contiguous lost samples.},
	Annote = {IR camera},
	Author = {Oh, Jinsung and Senay, Seda and Chaparro, LuisF},
	Date-Added = {2013-08-17 23:35:19 +0000},
	Date-Modified = {2013-08-17 23:36:16 +0000},
	Doi = {10.1155/2010/367317},
	Issn = {1687-6180},
	Journal = {EURASIP Journal on Advances in Signal Processing},
	Number = {1},
	Pages = {367317},
	Title = {Signal Reconstruction from Nonuniformly Spaced Samples Using Evolutionary Slepian Transform-Based POCS},
	Url = {http://asp.eurasipjournals.com/content/2010/1/367317},
	Volume = {2010},
	Year = {2010},
	Bdsk-Url-1 = {http://asp.eurasipjournals.com/content/2010/1/367317},
	Bdsk-Url-2 = {http://dx.doi.org/10.1155/2010/367317}}

@article{Stollnitz95waveletsfor,
	Author = {Eric J. Stollnitz and Tony D. Derose and David H. Salesin},
	Date-Added = {2013-08-15 18:44:54 +0000},
	Date-Modified = {2013-08-15 18:44:54 +0000},
	Journal = {IEEE Computer Graphics and Applications},
	Pages = {76--84},
	Title = {Wavelets for Computer Graphics: A Primer - Part 2},
	Volume = {15},
	Year = {1995},
	Bdsk-File-1 = {YnBsaXN0MDDUAQIDBAUGJCVYJHZlcnNpb25YJG9iamVjdHNZJGFyY2hpdmVyVCR0b3ASAAGGoKgHCBMUFRYaIVUkbnVsbNMJCgsMDxJXTlMua2V5c1pOUy5vYmplY3RzViRjbGFzc6INDoACgAOiEBGABIAFgAdccmVsYXRpdmVQYXRoWWFsaWFzRGF0YV8QLS4uLy4uLy4uL0NsYXNzZXMvcmVzZWFyY2gvUGFwZXJzL3dhdmVsZXQyLnBkZtIXCxgZV05TLmRhdGFPEQGWAAAAAAGWAAIAAAxNYWNpbnRvc2ggSEQAAAAAAAAAAAAAAAAAAADMMMyiSCsAAAD4k/YMd2F2ZWxldDIucGRmAAAAAAAAAAAAAAAAAAAAAAAAAAAAAAAAAAAAAAAAAAAAAAAAAAAAAAAAAAAAAAAAAAAAAWHcO84yi/wAAAAAAAAAAAADAAQAAAkgAAAAAAAAAAAAAAAAAAAABlBhcGVycwAQAAgAAMwxEvIAAAARAAgAAM4y0kwAAAABABQA+JP2AB0/TQAdPYYABcHdAAIN+QACAEJNYWNpbnRvc2ggSEQ6VXNlcnM6AHNjb3R0OgBDbGFzc2VzOgByZXNlYXJjaDoAUGFwZXJzOgB3YXZlbGV0Mi5wZGYADgAaAAwAdwBhAHYAZQBsAGUAdAAyAC4AcABkAGYADwAaAAwATQBhAGMAaQBuAHQAbwBzAGgAIABIAEQAEgAwVXNlcnMvc2NvdHQvQ2xhc3Nlcy9yZXNlYXJjaC9QYXBlcnMvd2F2ZWxldDIucGRmABMAAS8AABUAAgAM//8AAIAG0hscHR5aJGNsYXNzbmFtZVgkY2xhc3Nlc11OU011dGFibGVEYXRhox0fIFZOU0RhdGFYTlNPYmplY3TSGxwiI1xOU0RpY3Rpb25hcnmiIiBfEA9OU0tleWVkQXJjaGl2ZXLRJidUcm9vdIABAAgAEQAaACMALQAyADcAQABGAE0AVQBgAGcAagBsAG4AcQBzAHUAdwCEAI4AvgDDAMsCZQJnAmwCdwKAAo4CkgKZAqICpwK0ArcCyQLMAtEAAAAAAAACAQAAAAAAAAAoAAAAAAAAAAAAAAAAAAAC0w==}}

@article{stollnitz1995wavelets,
	Annote = {IR camera},
	Author = {Stollnitz, Eric J and DeRose, Anthony D and Salesin, David H},
	Date-Added = {2013-08-15 16:34:11 +0000},
	Date-Modified = {2013-08-15 16:34:36 +0000},
	Journal = {Computer Graphics and Applications, IEEE},
	Number = {3},
	Pages = {76--84},
	Publisher = {IEEE},
	Title = {Wavelets for computer graphics: a primer. 1},
	Volume = {15},
	Year = {1995},
	Bdsk-File-1 = {YnBsaXN0MDDUAQIDBAUGJCVYJHZlcnNpb25YJG9iamVjdHNZJGFyY2hpdmVyVCR0b3ASAAGGoKgHCBMUFRYaIVUkbnVsbNMJCgsMDxJXTlMua2V5c1pOUy5vYmplY3RzViRjbGFzc6INDoACgAOiEBGABIAFgAdccmVsYXRpdmVQYXRoWWFsaWFzRGF0YV8QLS4uLy4uLy4uL0NsYXNzZXMvcmVzZWFyY2gvUGFwZXJzL3dhdmVsZXQxLnBkZtIXCxgZV05TLmRhdGFPEQGWAAAAAAGWAAIAAAxNYWNpbnRvc2ggSEQAAAAAAAAAAAAAAAAAAADMMMyiSCsAAAD4k/YMd2F2ZWxldDEucGRmAAAAAAAAAAAAAAAAAAAAAAAAAAAAAAAAAAAAAAAAAAAAAAAAAAAAAAAAAAAAAAAAAAAAAWHMLc4ybYwAAAAAAAAAAAADAAQAAAkgAAAAAAAAAAAAAAAAAAAABlBhcGVycwAQAAgAAMwxEvIAAAARAAgAAM4ys9wAAAABABQA+JP2AB0/TQAdPYYABcHdAAIN+QACAEJNYWNpbnRvc2ggSEQ6VXNlcnM6AHNjb3R0OgBDbGFzc2VzOgByZXNlYXJjaDoAUGFwZXJzOgB3YXZlbGV0MS5wZGYADgAaAAwAdwBhAHYAZQBsAGUAdAAxAC4AcABkAGYADwAaAAwATQBhAGMAaQBuAHQAbwBzAGgAIABIAEQAEgAwVXNlcnMvc2NvdHQvQ2xhc3Nlcy9yZXNlYXJjaC9QYXBlcnMvd2F2ZWxldDEucGRmABMAAS8AABUAAgAM//8AAIAG0hscHR5aJGNsYXNzbmFtZVgkY2xhc3Nlc11OU011dGFibGVEYXRhox0fIFZOU0RhdGFYTlNPYmplY3TSGxwiI1xOU0RpY3Rpb25hcnmiIiBfEA9OU0tleWVkQXJjaGl2ZXLRJidUcm9vdIABAAgAEQAaACMALQAyADcAQABGAE0AVQBgAGcAagBsAG4AcQBzAHUAdwCEAI4AvgDDAMsCZQJnAmwCdwKAAo4CkgKZAqICpwK0ArcCyQLMAtEAAAAAAAACAQAAAAAAAAAoAAAAAAAAAAAAAAAAAAAC0w==}}

@electronic{willet-tree,
	Annote = {IR camera},
	Author = {Willett, Rebecca and Nowak, Robert},
	Date-Added = {2013-08-09 17:30:07 +0000},
	Date-Modified = {2013-08-12 15:28:38 +0000},
	Keywords = {wavelets, multiresolution, denoising, tomography},
	Title = {Platelets: a multicale approach for recovering edges and surfaces in photon-limited medical imaging},
	Bdsk-File-1 = {YnBsaXN0MDDUAQIDBAUGJCVYJHZlcnNpb25YJG9iamVjdHNZJGFyY2hpdmVyVCR0b3ASAAGGoKgHCBMUFRYaIVUkbnVsbNMJCgsMDxJXTlMua2V5c1pOUy5vYmplY3RzViRjbGFzc6INDoACgAOiEBGABIAFgAdccmVsYXRpdmVQYXRoWWFsaWFzRGF0YV8QNC4uLy4uLy4uL0NsYXNzZXMvcmVzZWFyY2gvUGFwZXJzL1dpbGxldHRUUkVFMDEwNS5wZGbSFwsYGVdOUy5kYXRhTxEBtAAAAAABtAACAAAMTWFjaW50b3NoIEhEAAAAAAAAAAAAAAAAAAAAzDDMokgrAAAA+JP2E1dpbGxldHRUUkVFMDEwNS5wZGYAAAAAAAAAAAAAAAAAAAAAAAAAAAAAAAAAAAAAAAAAAAAAAAAAAAAAAAAAAAFZyTDGqyOmAAAAAAAAAAAAAwAEAAAJIAAAAAAAAAAAAAAAAAAAAAZQYXBlcnMAEAAIAADMMRLyAAAAEQAIAADGq2n2AAAAAQAUAPiT9gAdP00AHT2GAAXB3QACDfkAAgBJTWFjaW50b3NoIEhEOlVzZXJzOgBzY290dDoAQ2xhc3NlczoAcmVzZWFyY2g6AFBhcGVyczoAV2lsbGV0dFRSRUUwMTA1LnBkZgAADgAoABMAVwBpAGwAbABlAHQAdABUAFIARQBFADAAMQAwADUALgBwAGQAZgAPABoADABNAGEAYwBpAG4AdABvAHMAaAAgAEgARAASADdVc2Vycy9zY290dC9DbGFzc2VzL3Jlc2VhcmNoL1BhcGVycy9XaWxsZXR0VFJFRTAxMDUucGRmAAATAAEvAAAVAAIADP//AACABtIbHB0eWiRjbGFzc25hbWVYJGNsYXNzZXNdTlNNdXRhYmxlRGF0YaMdHyBWTlNEYXRhWE5TT2JqZWN00hscIiNcTlNEaWN0aW9uYXJ5oiIgXxAPTlNLZXllZEFyY2hpdmVy0SYnVHJvb3SAAQAIABEAGgAjAC0AMgA3AEAARgBNAFUAYABnAGoAbABuAHEAcwB1AHcAhACOAMUAygDSAooCjAKRApwCpQKzArcCvgLHAswC2QLcAu4C8QL2AAAAAAAAAgEAAAAAAAAAKAAAAAAAAAAAAAAAAAAAAvg=}}

@electronic{wedgetlets,
	Author = {Donoho, David},
	Date-Added = {2013-08-09 17:29:09 +0000},
	Date-Modified = {2013-08-09 17:29:56 +0000},
	Keywords = {Minimax Estimation, Edges, Edgels, Edgelets, Fast Al- gorithms, Complexity Penalized Estimates, Recursive Partitioning, Subpixel resolution, Oracle Inequalities.},
	Title = {Wedgelets: nearly-minimax estimation of edges},
	Bdsk-File-1 = {YnBsaXN0MDDUAQIDBAUGJCVYJHZlcnNpb25YJG9iamVjdHNZJGFyY2hpdmVyVCR0b3ASAAGGoKgHCBMUFRYaIVUkbnVsbNMJCgsMDxJXTlMua2V5c1pOUy5vYmplY3RzViRjbGFzc6INDoACgAOiEBGABIAFgAdccmVsYXRpdmVQYXRoWWFsaWFzRGF0YV8QLS4uLy4uLy4uL0NsYXNzZXMvcmVzZWFyY2gvUGFwZXJzL1dlZGdlbGV0cy5wc9IXCxgZV05TLmRhdGFPEQGWAAAAAAGWAAIAAAxNYWNpbnRvc2ggSEQAAAAAAAAAAAAAAAAAAADMMMyiSCsAAAD4k/YMV2VkZ2VsZXRzLnBzAAAAAAAAAAAAAAAAAAAAAAAAAAAAAAAAAAAAAAAAAAAAAAAAAAAAAAAAAAAAAAAAAAAAAVnJG7KAAhsAAAAAAAAAAAADAAQAAAkgAAAAAAAAAAAAAAAAAAAABlBhcGVycwAQAAgAAMwxEvIAAAARAAgAALKAVnsAAAABABQA+JP2AB0/TQAdPYYABcHdAAIN+QACAEJNYWNpbnRvc2ggSEQ6VXNlcnM6AHNjb3R0OgBDbGFzc2VzOgByZXNlYXJjaDoAUGFwZXJzOgBXZWRnZWxldHMucHMADgAaAAwAVwBlAGQAZwBlAGwAZQB0AHMALgBwAHMADwAaAAwATQBhAGMAaQBuAHQAbwBzAGgAIABIAEQAEgAwVXNlcnMvc2NvdHQvQ2xhc3Nlcy9yZXNlYXJjaC9QYXBlcnMvV2VkZ2VsZXRzLnBzABMAAS8AABUAAgAM//8AAIAG0hscHR5aJGNsYXNzbmFtZVgkY2xhc3Nlc11OU011dGFibGVEYXRhox0fIFZOU0RhdGFYTlNPYmplY3TSGxwiI1xOU0RpY3Rpb25hcnmiIiBfEA9OU0tleWVkQXJjaGl2ZXLRJidUcm9vdIABAAgAEQAaACMALQAyADcAQABGAE0AVQBgAGcAagBsAG4AcQBzAHUAdwCEAI4AvgDDAMsCZQJnAmwCdwKAAo4CkgKZAqICpwK0ArcCyQLMAtEAAAAAAAACAQAAAAAAAAAoAAAAAAAAAAAAAAAAAAAC0w==}}

@electronic{regression-active-learning,
	Abstract = {In this paper we address the theoretical capabilities of active sampling for estimating functions in noise. Specifically, the problem we consider is that of estimating a function from noisy point-wise samples, that is, the measurements which are collected at various points over the domain of the function. In the classical (passive) setting the sampling locations are chosen a priori, meaning that the choice of the sample locations precedes the gathering of the function observations. In the active sampling setting, on the other hand, the sample locations are chosen in an online fashion: the decision of where to sample next depends on all the observations made up to that point, in the spirit of the twenty questions game (as opposed to passive sampling where all the questions need to be asked before any answers are given). This extra degree of flexibility leads to improved signal reconstruction in comparison to the performance of classical (pas- sive) methods. We present results characterizing the fundamental limits of active learning for various nonparametric function classes, as well as practical algorithms capable of exploiting the extra flexibility of the ac- tive setting and provably improving on classical techniques. In particular, significantly faster rates of convergence are achievable in cases involving functions whose complexity (in a the Kolmogorov sense) is highly concen- trated in small regions of space (e.g., piecewise constant functions). Our active learning theory and methods show promise in a number of applica- tions, including field estimation using wireless sensor networks and fault line detection.},
	Annote = {IR camera},
	Author = {Castro, Rui and Willett, Rebecca and Nowak, Robert},
	Date-Added = {2013-08-09 17:27:49 +0000},
	Date-Modified = {2013-08-12 15:28:52 +0000},
	Keywords = {edge, detection, saliency},
	Title = {Faster rates in regression via active learning},
	Bdsk-File-1 = {YnBsaXN0MDDUAQIDBAUGJCVYJHZlcnNpb25YJG9iamVjdHNZJGFyY2hpdmVyVCR0b3ASAAGGoKgHCBMUFRYaIVUkbnVsbNMJCgsMDxJXTlMua2V5c1pOUy5vYmplY3RzViRjbGFzc6INDoACgAOiEBGABIAFgAdccmVsYXRpdmVQYXRoWWFsaWFzRGF0YV8QPy4uLy4uLy4uL0NsYXNzZXMvcmVzZWFyY2gvUGFwZXJzL3JlZ3Jlc3Npb25fYWN0aXZlX2xlYXJuaW5nLnBkZtIXCxgZV05TLmRhdGFPEQHeAAAAAAHeAAIAAAxNYWNpbnRvc2ggSEQAAAAAAAAAAAAAAAAAAADMMMyiSCsAAAD4k/YecmVncmVzc2lvbl9hY3RpdmVfbGVhcm5pbmcucGRmAAAAAAAAAAAAAAAAAAAAAAAAAAAAAAAAAAAAAAAAAAAAAVnLT84qj0oAAAAAAAAAAAADAAQAAAkgAAAAAAAAAAAAAAAAAAAABlBhcGVycwAQAAgAAMwxEvIAAAARAAgAAM4q1ZoAAAABABQA+JP2AB0/TQAdPYYABcHdAAIN+QACAFRNYWNpbnRvc2ggSEQ6VXNlcnM6AHNjb3R0OgBDbGFzc2VzOgByZXNlYXJjaDoAUGFwZXJzOgByZWdyZXNzaW9uX2FjdGl2ZV9sZWFybmluZy5wZGYADgA+AB4AcgBlAGcAcgBlAHMAcwBpAG8AbgBfAGEAYwB0AGkAdgBlAF8AbABlAGEAcgBuAGkAbgBnAC4AcABkAGYADwAaAAwATQBhAGMAaQBuAHQAbwBzAGgAIABIAEQAEgBCVXNlcnMvc2NvdHQvQ2xhc3Nlcy9yZXNlYXJjaC9QYXBlcnMvcmVncmVzc2lvbl9hY3RpdmVfbGVhcm5pbmcucGRmABMAAS8AABUAAgAM//8AAIAG0hscHR5aJGNsYXNzbmFtZVgkY2xhc3Nlc11OU011dGFibGVEYXRhox0fIFZOU0RhdGFYTlNPYmplY3TSGxwiI1xOU0RpY3Rpb25hcnmiIiBfEA9OU0tleWVkQXJjaGl2ZXLRJidUcm9vdIABAAgAEQAaACMALQAyADcAQABGAE0AVQBgAGcAagBsAG4AcQBzAHUAdwCEAI4A0ADVAN0CvwLBAsYC0QLaAugC7ALzAvwDAQMOAxEDIwMmAysAAAAAAAACAQAAAAAAAAAoAAAAAAAAAAAAAAAAAAADLQ==}}

@electronic{wavelet-nonuniform-sampling,
	Abstract = {Abstract---The wavelet transform provides a sparse represen- tation for smooth images, enabling efficient approximation and compression using techniques such as zerotrees. Unfortunately, this sparsity does not extend to piecewise smooth images, where edge discontinuities separating smooth regions persist along smooth contours. This lack of sparsity hampers the efficiency of wavelet-based approximation and compression. On the class of images containing smooth 􏰀 regions separated by edges along smooth 􏰀 contours, for example, the asymptotic rate-distortion (R-D) performance of zerotree-based wavelet coding is limited to
􏰁  􏰂  􏰃   , well below the optimal rate of 􏰃   􏰀. In this paper, we develop a geometric modeling framework for wavelets that addresses this shortcoming. The framework can be interpreted either as 1) an extension to the ``zerotree model'' for wavelet coef- ficients that explicitly accounts for edge structure at fine scales, or as 2) a new atomic representation that synthesizes images using a sparse combination of wavelets and wedgeprints---anisotropic atoms that are adapted to edge singularities. Our approach enables a new type of quadtree pruning for piecewise smooth images, using zerotrees in uniformly smooth regions and wedgeprints in regions containing geometry. Using this framework, we develop a prototype image coder that has near-optimal asymptotic R-D performance
􏰁  􏰂  􏰁􏰅􏰆􏰄  􏰂􏰀 􏰀 for piecewise smooth 􏰀 􏰀 images. In addition, we extend the algorithm to compress natural images, ex- ploring the practical problems that arise and attaining promising results in terms of mean-square error and visual quality.},
	Annote = {IR camera},
	Author = {Wakin, Michael and Romberg, Justin and Choi, Hyeokho and Baraniuk, Richard},
	Date-Added = {2013-08-08 21:35:50 +0000},
	Date-Modified = {2013-08-12 15:26:50 +0000},
	Keywords = {Edges, image compression, nonlinear approxima- tion, rate-distortion, wavelets, wedgelets, wedgeprints.},
	Title = {Wavelet-Domain Approximation and Compression of Piecewise Smooth Images},
	Bdsk-File-1 = {YnBsaXN0MDDUAQIDBAUGJCVYJHZlcnNpb25YJG9iamVjdHNZJGFyY2hpdmVyVCR0b3ASAAGGoKgHCBMUFRYaIVUkbnVsbNMJCgsMDxJXTlMua2V5c1pOUy5vYmplY3RzViRjbGFzc6INDoACgAOiEBGABIAFgAdccmVsYXRpdmVQYXRoWWFsaWFzRGF0YV8QOy4uLy4uLy4uL0NsYXNzZXMvcmVzZWFyY2gvUGFwZXJzL3dha3dhdmVsZXRkb20tdGlwLTIwMDYucGRm0hcLGBlXTlMuZGF0YU8RAc4AAAAAAc4AAgAADE1hY2ludG9zaCBIRAAAAAAAAAAAAAAAAAAAAMwwzKJIKwAAAPiT9hp3YWt3YXZlbGV0ZG9tLXRpcC0yMDA2LnBkZgAAAAAAAAAAAAAAAAAAAAAAAAAAAAAAAAAAAAAAAAAAAAAAAAABWX/6zil5FAAAAAAAAAAAAAMABAAACSAAAAAAAAAAAAAAAAAAAAAGUGFwZXJzABAACAAAzDES8gAAABEACAAAzim/ZAAAAAEAFAD4k/YAHT9NAB09hgAFwd0AAg35AAIAUE1hY2ludG9zaCBIRDpVc2VyczoAc2NvdHQ6AENsYXNzZXM6AHJlc2VhcmNoOgBQYXBlcnM6AHdha3dhdmVsZXRkb20tdGlwLTIwMDYucGRmAA4ANgAaAHcAYQBrAHcAYQB2AGUAbABlAHQAZABvAG0ALQB0AGkAcAAtADIAMAAwADYALgBwAGQAZgAPABoADABNAGEAYwBpAG4AdABvAHMAaAAgAEgARAASAD5Vc2Vycy9zY290dC9DbGFzc2VzL3Jlc2VhcmNoL1BhcGVycy93YWt3YXZlbGV0ZG9tLXRpcC0yMDA2LnBkZgATAAEvAAAVAAIADP//AACABtIbHB0eWiRjbGFzc25hbWVYJGNsYXNzZXNdTlNNdXRhYmxlRGF0YaMdHyBWTlNEYXRhWE5TT2JqZWN00hscIiNcTlNEaWN0aW9uYXJ5oiIgXxAPTlNLZXllZEFyY2hpdmVy0SYnVHJvb3SAAQAIABEAGgAjAC0AMgA3AEAARgBNAFUAYABnAGoAbABuAHEAcwB1AHcAhACOAMwA0QDZAqsCrQKyAr0CxgLUAtgC3wLoAu0C+gL9Aw8DEgMXAAAAAAAAAgEAAAAAAAAAKAAAAAAAAAAAAAAAAAAAAxk=}}

@article{mairal2008sparse,
	Author = {Mairal, Julien and Elad, Michael and Sapiro, Guillermo},
	Date-Added = {2013-05-15 03:17:06 +0000},
	Date-Modified = {2013-05-15 03:17:06 +0000},
	Journal = {Image Processing, IEEE Transactions on},
	Number = {1},
	Pages = {53--69},
	Publisher = {IEEE},
	Title = {Sparse representation for color image restoration},
	Volume = {17},
	Year = {2008},
	Bdsk-File-1 = {YnBsaXN0MDDUAQIDBAUGJCVYJHZlcnNpb25YJG9iamVjdHNZJGFyY2hpdmVyVCR0b3ASAAGGoKgHCBMUFRYaIVUkbnVsbNMJCgsMDxJXTlMua2V5c1pOUy5vYmplY3RzViRjbGFzc6INDoACgAOiEBGABIAFgAdccmVsYXRpdmVQYXRoWWFsaWFzRGF0YV8QOC4uLy4uLy4uL0NsYXNzZXMvcmVzZWFyY2gvUGFwZXJzL0tTVkRfQ29sb3JfSUVFRV9USVAucGRm0hcLGBlXTlMuZGF0YU8RAcQAAAAAAcQAAgAADE1hY2ludG9zaCBIRAAAAAAAAAAAAAAAAAAAAMwwzKJIKwAAAPiT9hdLU1ZEX0NvbG9yX0lFRUVfVElQLnBkZgAAAAAAAAAAAAAAAAAAAAAAAAAAAAAAAAAAAAAAAAAAAAAAAAAAAAAA+JLjzbhobAAAAAAAAAAAAAMABAAACSAAAAAAAAAAAAAAAAAAAAAGUGFwZXJzABAACAAAzDES8gAAABEACAAAzbiuvAAAAAEAFAD4k/YAHT9NAB09hgAFwd0AAg35AAIATU1hY2ludG9zaCBIRDpVc2VyczoAc2NvdHQ6AENsYXNzZXM6AHJlc2VhcmNoOgBQYXBlcnM6AEtTVkRfQ29sb3JfSUVFRV9USVAucGRmAAAOADAAFwBLAFMAVgBEAF8AQwBvAGwAbwByAF8ASQBFAEUARQBfAFQASQBQAC4AcABkAGYADwAaAAwATQBhAGMAaQBuAHQAbwBzAGgAIABIAEQAEgA7VXNlcnMvc2NvdHQvQ2xhc3Nlcy9yZXNlYXJjaC9QYXBlcnMvS1NWRF9Db2xvcl9JRUVFX1RJUC5wZGYAABMAAS8AABUAAgAM//8AAIAG0hscHR5aJGNsYXNzbmFtZVgkY2xhc3Nlc11OU011dGFibGVEYXRhox0fIFZOU0RhdGFYTlNPYmplY3TSGxwiI1xOU0RpY3Rpb25hcnmiIiBfEA9OU0tleWVkQXJjaGl2ZXLRJidUcm9vdIABAAgAEQAaACMALQAyADcAQABGAE0AVQBgAGcAagBsAG4AcQBzAHUAdwCEAI4AyQDOANYCngKgAqUCsAK5AscCywLSAtsC4ALtAvADAgMFAwoAAAAAAAACAQAAAAAAAAAoAAAAAAAAAAAAAAAAAAADDA==},
	Bdsk-File-2 = {YnBsaXN0MDDUAQIDBAUGJCVYJHZlcnNpb25YJG9iamVjdHNZJGFyY2hpdmVyVCR0b3ASAAGGoKgHCBMUFRYaIVUkbnVsbNMJCgsMDxJXTlMua2V5c1pOUy5vYmplY3RzViRjbGFzc6INDoACgAOiEBGABIAFgAdccmVsYXRpdmVQYXRoWWFsaWFzRGF0YV8QOC4uLy4uLy4uL0NsYXNzZXMvcmVzZWFyY2gvUGFwZXJzL0tTVkRfQ29sb3JfSUVFRV9USVAucGRm0hcLGBlXTlMuZGF0YU8RAcQAAAAAAcQAAgAADE1hY2ludG9zaCBIRAAAAAAAAAAAAAAAAAAAAMwwzKJIKwAAAPiT9hdLU1ZEX0NvbG9yX0lFRUVfVElQLnBkZgAAAAAAAAAAAAAAAAAAAAAAAAAAAAAAAAAAAAAAAAAAAAAAAAAAAAAA+JLjzbhobAAAAAAAAAAAAAMABAAACSAAAAAAAAAAAAAAAAAAAAAGUGFwZXJzABAACAAAzDES8gAAABEACAAAzbiuvAAAAAEAFAD4k/YAHT9NAB09hgAFwd0AAg35AAIATU1hY2ludG9zaCBIRDpVc2VyczoAc2NvdHQ6AENsYXNzZXM6AHJlc2VhcmNoOgBQYXBlcnM6AEtTVkRfQ29sb3JfSUVFRV9USVAucGRmAAAOADAAFwBLAFMAVgBEAF8AQwBvAGwAbwByAF8ASQBFAEUARQBfAFQASQBQAC4AcABkAGYADwAaAAwATQBhAGMAaQBuAHQAbwBzAGgAIABIAEQAEgA7VXNlcnMvc2NvdHQvQ2xhc3Nlcy9yZXNlYXJjaC9QYXBlcnMvS1NWRF9Db2xvcl9JRUVFX1RJUC5wZGYAABMAAS8AABUAAgAM//8AAIAG0hscHR5aJGNsYXNzbmFtZVgkY2xhc3Nlc11OU011dGFibGVEYXRhox0fIFZOU0RhdGFYTlNPYmplY3TSGxwiI1xOU0RpY3Rpb25hcnmiIiBfEA9OU0tleWVkQXJjaGl2ZXLRJidUcm9vdIABAAgAEQAaACMALQAyADcAQABGAE0AVQBgAGcAagBsAG4AcQBzAHUAdwCEAI4AyQDOANYCngKgAqUCsAK5AscCywLSAtsC4ALtAvADAgMFAwoAAAAAAAACAQAAAAAAAAAoAAAAAAAAAAAAAAAAAAADDA==}}

@electronic{fista,
	Author = {Mol, Christine},
	Date-Added = {2013-05-15 03:15:52 +0000},
	Date-Modified = {2013-05-15 03:16:24 +0000},
	Title = {Iterative Algorithms for Sparse Recovery},
	Urldate = {http://www.ricam.oeaw.ac.at/conferences/aip2009/minisymposia/slides/aip2009_m19_de_mol_christine.pdf}}

@electronic{wiki-svd,
	Author = {Wikipedia},
	Date-Added = {2013-05-15 03:15:03 +0000},
	Date-Modified = {2013-05-15 03:15:32 +0000},
	Title = {Singular Value Decomposition},
	Urldate = {http://en.wikipedia.org/wiki/Singular_value_decomposition}}

@electronic{haupt-lectureslides,
	Author = {Haupt, Jarvis},
	Date-Added = {2013-05-15 03:13:25 +0000},
	Date-Modified = {2013-08-12 15:23:02 +0000},
	Journal = {Powerpoint},
	Read = {0},
	Title = {CS Lecture Slides},
	Year = {2011},
	Bdsk-File-1 = {YnBsaXN0MDDUAQIDBAUGJCVYJHZlcnNpb25YJG9iamVjdHNZJGFyY2hpdmVyVCR0b3ASAAGGoKgHCBMUFRYaIVUkbnVsbNMJCgsMDxJXTlMua2V5c1pOUy5vYmplY3RzViRjbGFzc6INDoACgAOiEBGABIAFgAdccmVsYXRpdmVQYXRoWWFsaWFzRGF0YV8QQS4uLy4uLy4uL0NsYXNzZXMvcmVzZWFyY2gvUGFwZXJzL0hhdXB0X0ludHJvX3RvX0NTX01heV80XzIwMTEucGRm0hcLGBlXTlMuZGF0YU8RAeYAAAAAAeYAAgAADE1hY2ludG9zaCBIRAAAAAAAAAAAAAAAAAAAAMwwzKJIKwAAAPiT9h9IYXVwdF9JbnRyb190b19DU19NYSNGODkyOEIucGRmAAAAAAAAAAAAAAAAAAAAAAAAAAAAAAAAAAAAAAAAAAAA+JKLzbhnvAAAAAAAAAAAAAMABAAACSAAAAAAAAAAAAAAAAAAAAAGUGFwZXJzABAACAAAzDES8gAAABEACAAAzbiuDAAAAAEAFAD4k/YAHT9NAB09hgAFwd0AAg35AAIAVU1hY2ludG9zaCBIRDpVc2VyczoAc2NvdHQ6AENsYXNzZXM6AHJlc2VhcmNoOgBQYXBlcnM6AEhhdXB0X0ludHJvX3RvX0NTX01hI0Y4OTI4Qi5wZGYAAA4AQgAgAEgAYQB1AHAAdABfAEkAbgB0AHIAbwBfAHQAbwBfAEMAUwBfAE0AYQB5AF8ANABfADIAMAAxADEALgBwAGQAZgAPABoADABNAGEAYwBpAG4AdABvAHMAaAAgAEgARAASAERVc2Vycy9zY290dC9DbGFzc2VzL3Jlc2VhcmNoL1BhcGVycy9IYXVwdF9JbnRyb190b19DU19NYXlfNF8yMDExLnBkZgATAAEvAAAVAAIADP//AACABtIbHB0eWiRjbGFzc25hbWVYJGNsYXNzZXNdTlNNdXRhYmxlRGF0YaMdHyBWTlNEYXRhWE5TT2JqZWN00hscIiNcTlNEaWN0aW9uYXJ5oiIgXxAPTlNLZXllZEFyY2hpdmVy0SYnVHJvb3SAAQAIABEAGgAjAC0AMgA3AEAARgBNAFUAYABnAGoAbABuAHEAcwB1AHcAhACOANIA1wDfAskCywLQAtsC5ALyAvYC/QMGAwsDGAMbAy0DMAM1AAAAAAAAAgEAAAAAAAAAKAAAAAAAAAAAAAAAAAAAAzc=},
	Bdsk-File-2 = {YnBsaXN0MDDUAQIDBAUGJCVYJHZlcnNpb25YJG9iamVjdHNZJGFyY2hpdmVyVCR0b3ASAAGGoKgHCBMUFRYaIVUkbnVsbNMJCgsMDxJXTlMua2V5c1pOUy5vYmplY3RzViRjbGFzc6INDoACgAOiEBGABIAFgAdccmVsYXRpdmVQYXRoWWFsaWFzRGF0YV8QQS4uLy4uLy4uL0NsYXNzZXMvcmVzZWFyY2gvUGFwZXJzL0hhdXB0X0ludHJvX3RvX0NTX01heV80XzIwMTEucGRm0hcLGBlXTlMuZGF0YU8RAeYAAAAAAeYAAgAADE1hY2ludG9zaCBIRAAAAAAAAAAAAAAAAAAAAMwwzKJIKwAAAPiT9h9IYXVwdF9JbnRyb190b19DU19NYSNGODkyOEIucGRmAAAAAAAAAAAAAAAAAAAAAAAAAAAAAAAAAAAAAAAAAAAA+JKLzbhnvAAAAAAAAAAAAAMABAAACSAAAAAAAAAAAAAAAAAAAAAGUGFwZXJzABAACAAAzDES8gAAABEACAAAzbiuDAAAAAEAFAD4k/YAHT9NAB09hgAFwd0AAg35AAIAVU1hY2ludG9zaCBIRDpVc2VyczoAc2NvdHQ6AENsYXNzZXM6AHJlc2VhcmNoOgBQYXBlcnM6AEhhdXB0X0ludHJvX3RvX0NTX01hI0Y4OTI4Qi5wZGYAAA4AQgAgAEgAYQB1AHAAdABfAEkAbgB0AHIAbwBfAHQAbwBfAEMAUwBfAE0AYQB5AF8ANABfADIAMAAxADEALgBwAGQAZgAPABoADABNAGEAYwBpAG4AdABvAHMAaAAgAEgARAASAERVc2Vycy9zY290dC9DbGFzc2VzL3Jlc2VhcmNoL1BhcGVycy9IYXVwdF9JbnRyb190b19DU19NYXlfNF8yMDExLnBkZgATAAEvAAAVAAIADP//AACABtIbHB0eWiRjbGFzc25hbWVYJGNsYXNzZXNdTlNNdXRhYmxlRGF0YaMdHyBWTlNEYXRhWE5TT2JqZWN00hscIiNcTlNEaWN0aW9uYXJ5oiIgXxAPTlNLZXllZEFyY2hpdmVy0SYnVHJvb3SAAQAIABEAGgAjAC0AMgA3AEAARgBNAFUAYABnAGoAbABuAHEAcwB1AHcAhACOANIA1wDfAskCywLQAtsC5ALyAvYC/QMGAwsDGAMbAy0DMAM1AAAAAAAAAgEAAAAAAAAAKAAAAAAAAAAAAAAAAAAAAzc=}}

@article{candes2011probabilistic,
	Author = {Candes, Emmanuel J and Plan, Yaniv},
	Date-Added = {2013-05-15 03:12:36 +0000},
	Date-Modified = {2013-05-15 03:12:36 +0000},
	Journal = {Information Theory, IEEE Transactions on},
	Number = {11},
	Pages = {7235--7254},
	Publisher = {IEEE},
	Title = {A probabilistic and RIPless theory of compressed sensing},
	Volume = {57},
	Year = {2011},
	Bdsk-File-1 = {YnBsaXN0MDDUAQIDBAUGJCVYJHZlcnNpb25YJG9iamVjdHNZJGFyY2hpdmVyVCR0b3ASAAGGoKgHCBMUFRYaIVUkbnVsbNMJCgsMDxJXTlMua2V5c1pOUy5vYmplY3RzViRjbGFzc6INDoACgAOiEBGABIAFgAdccmVsYXRpdmVQYXRoWWFsaWFzRGF0YV8QMC4uLy4uLy4uL0NsYXNzZXMvcmVzZWFyY2gvUGFwZXJzLzEwMTEuMzg1NHYzLnBkZtIXCxgZV05TLmRhdGFPEQGkAAAAAAGkAAIAAAxNYWNpbnRvc2ggSEQAAAAAAAAAAAAAAAAAAADMMMyiSCsAAAD4k/YPMTAxMS4zODU0djMucGRmAAAAAAAAAAAAAAAAAAAAAAAAAAAAAAAAAAAAAAAAAAAAAAAAAAAAAAAAAAAAAAAAAPiScM24Z1sAAAAAAAAAAAADAAQAAAkgAAAAAAAAAAAAAAAAAAAABlBhcGVycwAQAAgAAMwxEvIAAAARAAgAAM24rasAAAABABQA+JP2AB0/TQAdPYYABcHdAAIN+QACAEVNYWNpbnRvc2ggSEQ6VXNlcnM6AHNjb3R0OgBDbGFzc2VzOgByZXNlYXJjaDoAUGFwZXJzOgAxMDExLjM4NTR2My5wZGYAAA4AIAAPADEAMAAxADEALgAzADgANQA0AHYAMwAuAHAAZABmAA8AGgAMAE0AYQBjAGkAbgB0AG8AcwBoACAASABEABIAM1VzZXJzL3Njb3R0L0NsYXNzZXMvcmVzZWFyY2gvUGFwZXJzLzEwMTEuMzg1NHYzLnBkZgAAEwABLwAAFQACAAz//wAAgAbSGxwdHlokY2xhc3NuYW1lWCRjbGFzc2VzXU5TTXV0YWJsZURhdGGjHR8gVk5TRGF0YVhOU09iamVjdNIbHCIjXE5TRGljdGlvbmFyeaIiIF8QD05TS2V5ZWRBcmNoaXZlctEmJ1Ryb290gAEACAARABoAIwAtADIANwBAAEYATQBVAGAAZwBqAGwAbgBxAHMAdQB3AIQAjgDBAMYAzgJ2AngCfQKIApECnwKjAqoCswK4AsUCyALaAt0C4gAAAAAAAAIBAAAAAAAAACgAAAAAAAAAAAAAAAAAAALk},
	Bdsk-File-2 = {YnBsaXN0MDDUAQIDBAUGJCVYJHZlcnNpb25YJG9iamVjdHNZJGFyY2hpdmVyVCR0b3ASAAGGoKgHCBMUFRYaIVUkbnVsbNMJCgsMDxJXTlMua2V5c1pOUy5vYmplY3RzViRjbGFzc6INDoACgAOiEBGABIAFgAdccmVsYXRpdmVQYXRoWWFsaWFzRGF0YV8QMC4uLy4uLy4uL0NsYXNzZXMvcmVzZWFyY2gvUGFwZXJzLzEwMTEuMzg1NHYzLnBkZtIXCxgZV05TLmRhdGFPEQGkAAAAAAGkAAIAAAxNYWNpbnRvc2ggSEQAAAAAAAAAAAAAAAAAAADMMMyiSCsAAAD4k/YPMTAxMS4zODU0djMucGRmAAAAAAAAAAAAAAAAAAAAAAAAAAAAAAAAAAAAAAAAAAAAAAAAAAAAAAAAAAAAAAAAAPiScM24Z1sAAAAAAAAAAAADAAQAAAkgAAAAAAAAAAAAAAAAAAAABlBhcGVycwAQAAgAAMwxEvIAAAARAAgAAM24rasAAAABABQA+JP2AB0/TQAdPYYABcHdAAIN+QACAEVNYWNpbnRvc2ggSEQ6VXNlcnM6AHNjb3R0OgBDbGFzc2VzOgByZXNlYXJjaDoAUGFwZXJzOgAxMDExLjM4NTR2My5wZGYAAA4AIAAPADEAMAAxADEALgAzADgANQA0AHYAMwAuAHAAZABmAA8AGgAMAE0AYQBjAGkAbgB0AG8AcwBoACAASABEABIAM1VzZXJzL3Njb3R0L0NsYXNzZXMvcmVzZWFyY2gvUGFwZXJzLzEwMTEuMzg1NHYzLnBkZgAAEwABLwAAFQACAAz//wAAgAbSGxwdHlokY2xhc3NuYW1lWCRjbGFzc2VzXU5TTXV0YWJsZURhdGGjHR8gVk5TRGF0YVhOU09iamVjdNIbHCIjXE5TRGljdGlvbmFyeaIiIF8QD05TS2V5ZWRBcmNoaXZlctEmJ1Ryb290gAEACAARABoAIwAtADIANwBAAEYATQBVAGAAZwBqAGwAbgBxAHMAdQB3AIQAjgDBAMYAzgJ2AngCfQKIApECnwKjAqoCswK4AsUCyALaAt0C4gAAAAAAAAIBAAAAAAAAACgAAAAAAAAAAAAAAAAAAALk}}

@article{candes2006robust,
	Author = {Cand{\`e}s, Emmanuel J and Romberg, Justin and Tao, Terence},
	Date-Added = {2013-05-15 03:07:10 +0000},
	Date-Modified = {2013-05-15 03:07:50 +0000},
	Journal = {Information Theory, IEEE Transactions on},
	Number = {2},
	Pages = {489--509},
	Publisher = {IEEE},
	Read = {0},
	Title = {Robust uncertainty principles: Exact signal reconstruction from highly incomplete frequency information},
	Volume = {52},
	Year = {2006},
	Bdsk-File-1 = {YnBsaXN0MDDUAQIDBAUGJCVYJHZlcnNpb25YJG9iamVjdHNZJGFyY2hpdmVyVCR0b3ASAAGGoKgHCBMUFRYaIVUkbnVsbNMJCgsMDxJXTlMua2V5c1pOUy5vYmplY3RzViRjbGFzc6INDoACgAOiEBGABIAFgAdccmVsYXRpdmVQYXRoWWFsaWFzRGF0YV8QLC4uLy4uLy4uL0NsYXNzZXMvcmVzZWFyY2gvUGFwZXJzLzA0MDkxODYucGRm0hcLGBlXTlMuZGF0YU8RAZQAAAAAAZQAAgAADE1hY2ludG9zaCBIRAAAAAAAAAAAAAAAAAAAAMwwzKJIKwAAAPiT9gswNDA5MTg2LnBkZgAAAAAAAAAAAAAAAAAAAAAAAAAAAAAAAAAAAAAAAAAAAAAAAAAAAAAAAAAAAAAAAAAAAAAA+JGqzbhmcAAAAAAAAAAAAAMABAAACSAAAAAAAAAAAAAAAAAAAAAGUGFwZXJzABAACAAAzDES8gAAABEACAAAzbiswAAAAAEAFAD4k/YAHT9NAB09hgAFwd0AAg35AAIAQU1hY2ludG9zaCBIRDpVc2VyczoAc2NvdHQ6AENsYXNzZXM6AHJlc2VhcmNoOgBQYXBlcnM6ADA0MDkxODYucGRmAAAOABgACwAwADQAMAA5ADEAOAA2AC4AcABkAGYADwAaAAwATQBhAGMAaQBuAHQAbwBzAGgAIABIAEQAEgAvVXNlcnMvc2NvdHQvQ2xhc3Nlcy9yZXNlYXJjaC9QYXBlcnMvMDQwOTE4Ni5wZGYAABMAAS8AABUAAgAM//8AAIAG0hscHR5aJGNsYXNzbmFtZVgkY2xhc3Nlc11OU011dGFibGVEYXRhox0fIFZOU0RhdGFYTlNPYmplY3TSGxwiI1xOU0RpY3Rpb25hcnmiIiBfEA9OU0tleWVkQXJjaGl2ZXLRJidUcm9vdIABAAgAEQAaACMALQAyADcAQABGAE0AVQBgAGcAagBsAG4AcQBzAHUAdwCEAI4AvQDCAMoCYgJkAmkCdAJ9AosCjwKWAp8CpAKxArQCxgLJAs4AAAAAAAACAQAAAAAAAAAoAAAAAAAAAAAAAAAAAAAC0A==},
	Bdsk-File-2 = {YnBsaXN0MDDUAQIDBAUGJCVYJHZlcnNpb25YJG9iamVjdHNZJGFyY2hpdmVyVCR0b3ASAAGGoKgHCBMUFRYaIVUkbnVsbNMJCgsMDxJXTlMua2V5c1pOUy5vYmplY3RzViRjbGFzc6INDoACgAOiEBGABIAFgAdccmVsYXRpdmVQYXRoWWFsaWFzRGF0YV8QLC4uLy4uLy4uL0NsYXNzZXMvcmVzZWFyY2gvUGFwZXJzLzA0MDkxODYucGRm0hcLGBlXTlMuZGF0YU8RAZQAAAAAAZQAAgAADE1hY2ludG9zaCBIRAAAAAAAAAAAAAAAAAAAAMwwzKJIKwAAAPiT9gswNDA5MTg2LnBkZgAAAAAAAAAAAAAAAAAAAAAAAAAAAAAAAAAAAAAAAAAAAAAAAAAAAAAAAAAAAAAAAAAAAAAA+JGqzbhmcAAAAAAAAAAAAAMABAAACSAAAAAAAAAAAAAAAAAAAAAGUGFwZXJzABAACAAAzDES8gAAABEACAAAzbiswAAAAAEAFAD4k/YAHT9NAB09hgAFwd0AAg35AAIAQU1hY2ludG9zaCBIRDpVc2VyczoAc2NvdHQ6AENsYXNzZXM6AHJlc2VhcmNoOgBQYXBlcnM6ADA0MDkxODYucGRmAAAOABgACwAwADQAMAA5ADEAOAA2AC4AcABkAGYADwAaAAwATQBhAGMAaQBuAHQAbwBzAGgAIABIAEQAEgAvVXNlcnMvc2NvdHQvQ2xhc3Nlcy9yZXNlYXJjaC9QYXBlcnMvMDQwOTE4Ni5wZGYAABMAAS8AABUAAgAM//8AAIAG0hscHR5aJGNsYXNzbmFtZVgkY2xhc3Nlc11OU011dGFibGVEYXRhox0fIFZOU0RhdGFYTlNPYmplY3TSGxwiI1xOU0RpY3Rpb25hcnmiIiBfEA9OU0tleWVkQXJjaGl2ZXLRJidUcm9vdIABAAgAEQAaACMALQAyADcAQABGAE0AVQBgAGcAagBsAG4AcQBzAHUAdwCEAI4AvQDCAMoCYgJkAmkCdAJ9AosCjwKWAp8CpAKxArQCxgLJAs4AAAAAAAACAQAAAAAAAAAoAAAAAAAAAAAAAAAAAAAC0A==}}

@comment{BibDesk Smart Groups{
<?xml version="1.0" encoding="UTF-8"?>
<!DOCTYPE plist PUBLIC "-//Apple//DTD PLIST 1.0//EN" "http://www.apple.com/DTDs/PropertyList-1.0.dtd">
<plist version="1.0">
<array>
	<dict>
		<key>conditions</key>
		<array>
			<dict>
				<key>comparison</key>
				<integer>2</integer>
				<key>key</key>
				<string>Annote</string>
				<key>value</key>
				<string>IR camera</string>
				<key>version</key>
				<string>1</string>
			</dict>
		</array>
		<key>conjunction</key>
		<integer>0</integer>
		<key>group name</key>
		<string>IR camera</string>
	</dict>
</array>
</plist>
}}
